@inproceedings{maas2011learning,
  title={Learning word vectors for sentiment analysis},
  author={Maas, Andrew L and Daly, Raymond E and Pham, Peter T and Huang, Dan and Ng, Andrew Y and Potts, Christopher},
  booktitle={Proceedings of the 49th Annual Meeting of the Association for Computational Linguistics: Human Language Technologies-Volume 1},
  pages={142--150},
  year={2011},
  organization={Association for Computational Linguistics}
}
@article{ghiassi2013twitter,
  title={Twitter brand sentiment analysis: A hybrid system using n-gram analysis and dynamic artificial neural network},
  author={Ghiassi, M and Skinner, J and Zimbra, D},
  journal={Expert Systems with applications},
  volume={40},
  number={16},
  pages={6266--6282},
  year={2013},
  publisher={Elsevier}
}
@inproceedings{zhang2003question,
  title={Question classification using support vector machines},
  author={Zhang, Dell and Lee, Wee Sun},
  booktitle={Proceedings of the 26th annual international ACM SIGIR conference on Research and development in informaion retrieval},
  pages={26--32},
  year={2003},
  organization={ACM}
}
@inproceedings{li2002learning,
  title={Learning question classifiers},
  author={Li, Xin and Roth, Dan},
  booktitle={Proceedings of the 19th international conference on Computational linguistics-Volume 1},
  pages={1--7},
  year={2002},
  organization={Association for Computational Linguistics}
}
@inproceedings{wang2012baselines,
  title={Baselines and bigrams: Simple, good sentiment and topic classification},
  author={Wang, Sida and Manning, Christopher D},
  booktitle={Proceedings of the 50th Annual Meeting of the Association for Computational Linguistics: Short Papers-Volume 2},
  pages={90--94},
  year={2012},
  organization={Association for Computational Linguistics}
}
@inproceedings{quercia2012tweetlda,
  title={TweetLDA: supervised topic classification and link prediction in Twitter},
  author={Quercia, Daniele and Askham, Harry and Crowcroft, Jon},
  booktitle={Proceedings of the 4th Annual ACM Web Science Conference},
  pages={247--250},
  year={2012},
  organization={ACM}
}
@incollection{joachims2002statistical,
  title={A Statistical Learning Model of Text Classification for SVMs},
  author={Joachims, Thorsten},
  booktitle={Learning to Classify Text Using Support Vector Machines},
  pages={45--74},
  year={2002},
  publisher={Springer}
}
@inproceedings{joachims1998text,
  title={Text categorization with support vector machines: Learning with many relevant features},
  author={Joachims, Thorsten},
  booktitle={European conference on machine learning},
  pages={137--142},
  year={1998},
  organization={Springer}
}
@inproceedings{mikolov2010recurrent,
  title={Recurrent neural network based language model.},
  author={Mikolov, Tomas and Karafi{\'a}t, Martin and Burget, Lukas and Cernock{\`y}, Jan and Khudanpur, Sanjeev},
  booktitle={Interspeech},
  volume={2},
  pages={3},
  year={2010}
}
@article{johnson2014effective,
  title={Effective use of word order for text categorization with convolutional neural networks},
  author={Johnson, Rie and Zhang, Tong},
  journal={arXiv preprint arXiv:1412.1058},
  year={2014}
}
@inproceedings{socher2013recursive,
  title={Recursive deep models for semantic compositionality over a sentiment treebank},
  author={Socher, Richard and Perelygin, Alex and Wu, Jean Y and Chuang, Jason and Manning, Christopher D and Ng, Andrew Y and Potts, Christopher},
  booktitle={Proceedings of the conference on empirical methods in natural language processing (EMNLP)},
  volume={1631},
  pages={1642},
  year={2013},
  organization={Citeseer}
}
@article{elman1990finding,
  title={Finding structure in time},
  author={Elman, Jeffrey L},
  journal={Cognitive science},
  volume={14},
  number={2},
  pages={179--211},
  year={1990},
  publisher={Elsevier}
}
@article{hochreiter1997long,
  title={Long short-term memory},
  author={Hochreiter, Sepp and Schmidhuber, J{\"u}rgen},
  journal={Neural computation},
  volume={9},
  number={8},
  pages={1735--1780},
  year={1997},
  publisher={MIT Press}
}
@inproceedings{li2015constructing,
  title={Constructing long short-term memory based deep recurrent neural networks for large vocabulary speech recognition},
  author={Li, Xiangang and Wu, Xihong},
  booktitle={2015 IEEE International Conference on Acoustics, Speech and Signal Processing (ICASSP)},
  pages={4520--4524},
  year={2015},
  organization={IEEE}
}
@inproceedings{breuel2013high,
  title={High-performance OCR for printed English and Fraktur using LSTM networks},
  author={Breuel, Thomas M and Ul-Hasan, Adnan and Al-Azawi, Mayce Ali and Shafait, Faisal},
  booktitle={2013 12th International Conference on Document Analysis and Recognition},
  pages={683--687},
  year={2013},
  organization={IEEE}
}
@inproceedings{sutskever2014sequence,
  title={Sequence to sequence learning with neural networks},
  author={Sutskever, Ilya and Vinyals, Oriol and Le, Quoc V},
  booktitle={Advances in neural information processing systems},
  pages={3104--3112},
  year={2014}
}
@article{lee2016sequential,
  title={Sequential Short-Text Classification with Recurrent and Convolutional Neural Networks},
  author={Lee, Ji Young and Dernoncourt, Franck},
  journal={arXiv preprint arXiv:1603.03827},
  year={2016}
}
@inproceedings{zhou2015end,
  title={End-to-end learning of semantic role labeling using recurrent neural networks},
  author={Zhou, Jie and Xu, Wei},
  booktitle={Proceedings of the Annual Meeting of the Association for Computational Linguistics},
  year={2015}
}
@article{he2015deep,
  title={Deep residual learning for image recognition},
  author={He, Kaiming and Zhang, Xiangyu and Ren, Shaoqing and Sun, Jian},
  journal={arXiv preprint arXiv:1512.03385},
  year={2015}
}
@inproceedings{le2014distributed,
  title={Distributed Representations of Sentences and Documents.},
  author={Le, Quoc V and Mikolov, Tomas},
  booktitle={ICML},
  volume={14},
  pages={1188--1196},
  year={2014}
}
@inproceedings{zhang2015character,
  title={Character-level convolutional networks for text classification},
  author={Zhang, Xiang and Zhao, Junbo and LeCun, Yann},
  booktitle={Advances in Neural Information Processing Systems},
  pages={649--657},
  year={2015}
}
@article{kim2014convolutional,
  title={Convolutional neural networks for sentence classification},
  author={Kim, Yoon},
  journal={arXiv preprint arXiv:1408.5882},
  year={2014}
}
@inproceedings{johnson2015semi,
  title={Semi-supervised convolutional neural networks for text categorization via region embedding},
  author={Johnson, Rie and Zhang, Tong},
  booktitle={Advances in neural information processing systems},
  pages={919--927},
  year={2015}
}
@inproceedings{tang2015document,
  title={Document modeling with gated recurrent neural network for sentiment classification},
  author={Tang, Duyu and Qin, Bing and Liu, Ting},
  booktitle={Proceedings of the 2015 Conference on Empirical Methods in Natural Language Processing},
  pages={1422--1432},
  year={2015}
}
@inproceedings{lai2015recurrent,
  title={Recurrent Convolutional Neural Networks for Text Classification.},
  author={Lai, Siwei and Xu, Liheng and Liu, Kang and Zhao, Jun},
  booktitle={AAAI},
  pages={2267--2273},
  year={2015}
}
@inproceedings{xiao2016chinese,
  title={Chinese Sentiment Analysis Using Bidirectional LSTM with Word Embedding},
  author={Xiao, Zheng and Liang, PiJun},
  booktitle={International Conference on Cloud Computing and Security},
  pages={601--610},
  year={2016},
  organization={Springer}
}
@inproceedings{wang2016learning,
  title={Learning distributed word representations for bidirectional lstm recurrent neural network},
  author={Wang, Peilu and Qian, Yao and Soong, Frank K and He, Lei and Zhao, Hai},
  booktitle={Proc. of ICASSP},
  year={2016}
}
@article{wang2016semantic,
  title={Semantic expansion using word embedding clustering and convolutional neural network for improving short text classification},
  author={Wang, Peng and Xu, Bo and Xu, Jiaming and Tian, Guanhua and Liu, Cheng-Lin and Hao, Hongwei},
  journal={Neurocomputing},
  volume={174},
  pages={806--814},
  year={2016},
  publisher={Elsevier}
}
@article{liu2016recurrent,
  title={Recurrent Neural Network for Text Classification with Multi-Task Learning},
  author={Liu, Pengfei and Qiu, Xipeng and Huang, Xuanjing},
  journal={arXiv preprint arXiv:1605.05101},
  year={2016}
}
@article{graves2005framewise,
  title={Framewise phoneme classification with bidirectional LSTM and other neural network architectures},
  author={Graves, Alex and Schmidhuber, J{\"u}rgen},
  journal={Neural Networks},
  volume={18},
  number={5},
  pages={602--610},
  year={2005},
  publisher={Elsevier}
}
@inproceedings{graves2013speech,
  title={Speech recognition with deep recurrent neural networks},
  author={Graves, Alex and Mohamed, Abdel-rahman and Hinton, Geoffrey},
  booktitle={2013 IEEE international conference on acoustics, speech and signal processing},
  pages={6645--6649},
  year={2013},
  organization={IEEE}
}
@article{chung2015gated,
  title={Gated feedback recurrent neural networks},
  author={Chung, Junyoung and G{\"u}l{\c{c}}ehre, Caglar and Cho, Kyunghyun and Bengio, Yoshua},
  journal={CoRR, abs/1502.02367},
  year={2015}
}
@inproceedings{nair2010rectified,
  title={Rectified linear units improve restricted boltzmann machines},
  author={Nair, Vinod and Hinton, Geoffrey E},
  booktitle={Proceedings of the 27th International Conference on Machine Learning (ICML-10)},
  pages={807--814},
  year={2010}
}
@article{kingma2014adam,
  title={Adam: A method for stochastic optimization},
  author={Kingma, Diederik and Ba, Jimmy},
  journal={arXiv preprint arXiv:1412.6980},
  year={2014}
}
@article{kalchbrenner2014convolutional,
  title={A convolutional neural network for modelling sentences},
  author={Kalchbrenner, Nal and Grefenstette, Edward and Blunsom, Phil},
  journal={arXiv preprint arXiv:1404.2188},
  year={2014}
}
@inproceedings{irsoy2014deep,
  title={Deep recursive neural networks for compositionality in language},
  author={Irsoy, Ozan and Cardie, Claire},
  booktitle={Advances in Neural Information Processing Systems},
  pages={2096--2104},
  year={2014}
}
@article{tai2015improved,
  title={Improved semantic representations from tree-structured long short-term memory networks},
  author={Tai, Kai Sheng and Socher, Richard and Manning, Christopher D},
  journal={arXiv preprint arXiv:1503.00075},
  year={2015}
}
@article{hinton2012improving,
  title={Improving neural networks by preventing co-adaptation of feature detectors},
  author={Hinton, Geoffrey E and Srivastava, Nitish and Krizhevsky, Alex and Sutskever, Ilya and Salakhutdinov, Ruslan R},
  journal={arXiv preprint arXiv:1207.0580},
  year={2012}
}
@article{zhou2015c,
  title={A C-LSTM Neural Network for Text Classification},
  author={Zhou, Chunting and Sun, Chonglin and Liu, Zhiyuan and Lau, Francis},
  journal={arXiv preprint arXiv:1511.08630},
  year={2015}
}

@article{mikolov2013efficient,
  title={Efficient estimation of word representations in vector space},
  author={Mikolov, Tomas and Chen, Kai and Corrado, Greg and Dean, Jeffrey},
  journal={arXiv preprint arXiv:1301.3781},
  year={2013}
}

@book{vapnik2013nature,
  title={The nature of statistical learning theory},
  author={Vapnik, Vladimir},
  year={2013},
  publisher={Springer Science \& Business Media}
}


@book{brucher2002document,
  title={Document classification methods for organizing explicit knowledge},
  author={Br{\"u}cher, Heide and Knolmayer, Gerhard and Mittermayer, Marc-Andr{\'e}},
  year={2002},
  publisher={Institut f{\"u}r Wirtschaftsinformatik der Universit{\"a}t Bern}
}

@article{kwon2003text,
  title={Text categorization based on k-nearest neighbor approach for web site classification},
  author={Kwon, Oh-Woog and Lee, Jong-Hyeok},
  journal={Information Processing \& Management},
  volume={39},
  number={1},
  pages={25--44},
  year={2003},
  publisher={Elsevier}
}

